@misc{mixup,
	doi = {10.48550/ARXIV.1710.09412},
	
	url = {https://arxiv.org/abs/1710.09412},
	
	author = {Zhang, Hongyi and Cisse, Moustapha and Dauphin, Yann N. and Lopez-Paz, David},
	
	keywords = {Machine Learning (cs.LG), Machine Learning (stat.ML), FOS: Computer and information sciences, FOS: Computer and information sciences},
	
	title = {mixup: Beyond Empirical Risk Minimization},
	
	publisher = {arXiv},
	
	year = {2017},
	
	copyright = {arXiv.org perpetual, non-exclusive license}
}

@misc{advExamples,
	doi = {10.48550/ARXIV.1412.6572},
	
	url = {https://arxiv.org/abs/1412.6572},
	
	author = {Goodfellow, Ian J. and Shlens, Jonathon and Szegedy, Christian},
	
	keywords = {Machine Learning (stat.ML), Machine Learning (cs.LG), FOS: Computer and information sciences, FOS: Computer and information sciences},
	
	title = {Explaining and Harnessing Adversarial Examples},
	
	publisher = {arXiv},
	
	year = {2014},
	
	copyright = {arXiv.org perpetual, non-exclusive license}
}

@misc{gan,
	doi = {10.48550/ARXIV.1406.2661},
	
	url = {https://arxiv.org/abs/1406.2661},
	
	author = {Goodfellow, Ian J. and Pouget-Abadie, Jean and Mirza, Mehdi and Xu, Bing and Warde-Farley, David and Ozair, Sherjil and Courville, Aaron and Bengio, Yoshua},
	
	keywords = {Machine Learning (stat.ML), Machine Learning (cs.LG), FOS: Computer and information sciences, FOS: Computer and information sciences},
	
	title = {Generative Adversarial Networks},
	
	publisher = {arXiv},
	
	year = {2014},
	
	copyright = {arXiv.org perpetual, non-exclusive license}
}

@InProceedings{deepFool,
	author = {Moosavi-Dezfooli, Seyed-Mohsen and Fawzi, Alhussein and Frossard, Pascal},
	title = {DeepFool: A Simple and Accurate Method to Fool Deep Neural Networks},
	booktitle = {Proceedings of the IEEE Conference on Computer Vision and Pattern Recognition (CVPR)},
	month = {June},
	year = {2016}
}

@misc{latentVector,
	doi = {10.48550/ARXIV.1702.04782},
	
	url = {https://arxiv.org/abs/1702.04782},
	
	author = {Lipton, Zachary C. and Tripathi, Subarna},
	
	keywords = {Machine Learning (cs.LG), Neural and Evolutionary Computing (cs.NE), Machine Learning (stat.ML), FOS: Computer and information sciences, FOS: Computer and information sciences},
	
	title = {Precise Recovery of Latent Vectors from Generative Adversarial Networks},
	
	publisher = {arXiv},
	
	year = {2017},
	
	copyright = {arXiv.org perpetual, non-exclusive license}
}


 @online{ytLatentVector,
 	title = {Editing Faces using Artificial Intelligence},
 	date = {2019},
 	organization = {Youtube},
 	author = {Arxiv Insights},
 	url = {https://youtu.be/dCKbRCUyop8?t=938}
}

@misc{mixup1,
	doi = {10.48550/ARXIV.1710.09412},
	
	url = {https://arxiv.org/abs/1710.09412},
	
	author = {Zhang, Hongyi and Cisse, Moustapha and Dauphin, Yann N. and Lopez-Paz, David},
	
	keywords = {Machine Learning (cs.LG), Machine Learning (stat.ML), FOS: Computer and information sciences, FOS: Computer and information sciences},
	
	title = {mixup: Beyond Empirical Risk Minimization},
	
	publisher = {arXiv},
	
	year = {2017},
	
	copyright = {arXiv.org perpetual, non-exclusive license}
}


@misc{mixup2,
	doi = {10.48550/ARXIV.1806.05236},
	
	url = {https://arxiv.org/abs/1806.05236},
	
	author = {Verma, Vikas and Lamb, Alex and Beckham, Christopher and Najafi, Amir and Mitliagkas, Ioannis and Courville, Aaron and Lopez-Paz, David and Bengio, Yoshua},
	
	keywords = {Machine Learning (stat.ML), Artificial Intelligence (cs.AI), Machine Learning (cs.LG), Neural and Evolutionary Computing (cs.NE), FOS: Computer and information sciences, FOS: Computer and information sciences},
	
	title = {Manifold Mixup: Better Representations by Interpolating Hidden States},
	
	publisher = {arXiv},
	
	year = {2018},
	
	copyright = {arXiv.org perpetual, non-exclusive license}
}

@misc{gat,
	doi = {10.48550/ARXIV.1705.03387},
	
	url = {https://arxiv.org/abs/1705.03387},
	
	author = {Lee, Hyeungill and Han, Sungyeob and Lee, Jungwoo},
	
	keywords = {Machine Learning (cs.LG), Machine Learning (stat.ML), FOS: Computer and information sciences, FOS: Computer and information sciences},
	
	title = {Generative Adversarial Trainer: Defense to Adversarial Perturbations with GAN},
	
	publisher = {arXiv},
	
	year = {2017},
	
	copyright = {arXiv.org perpetual, non-exclusive license}
}

@misc{adv,
	doi = {10.48550/ARXIV.2102.01356},
	
	url = {https://arxiv.org/abs/2102.01356},
	
	author = {Bai, Tao and Luo, Jinqi and Zhao, Jun and Wen, Bihan and Wang, Qian},
	
	keywords = {Machine Learning (cs.LG), Artificial Intelligence (cs.AI), Cryptography and Security (cs.CR), FOS: Computer and information sciences, FOS: Computer and information sciences},
	
	title = {Recent Advances in Adversarial Training for Adversarial Robustness},
	
	publisher = {arXiv},
	
	year = {2021},
	
	copyright = {arXiv.org perpetual, non-exclusive license}
}


